@InCollection{dunleavyAugmentedRealityTeaching2014,
  address = {{New York}},
  edition = {4th},
  title = {Augmented {{Reality Teaching}} and {{Learning}}},
  isbn = {978-1-4614-3185-5},
  booktitle = {Handbook of {{Research}} on {{Educational Communications}} and {{Technology}}},
  publisher = {{Springer Science+Business}},
  author = {Matt Dunleavy and Chris Dede},
  editor = {J. Spector and M. Merrill and J. Elen and M. Bishop},
  year = {2014},
  keywords = {augmented reality,mobile learning,location-based,context-aware},
  pages = {735-745},
  file = {D\:\\Sync\\Work\\School\\Articles\\Handbook of Research on Educational Communications and Technology\\Dunleavy, Dede\\Dunleavy, Dede - 2014 - Augmented Reality Teaching and Learning.pdf},
  doi = {10.1007/978-1-4614-3185-5},
}
